<record><leader>00000cas a2200000 a 4500</leader><controlfield tag="001">23102871</controlfield><controlfield tag="008">910214d1874189uiluwr ne      0    0eng c</controlfield><datafield ind1=" " ind2=" " tag="010"><subfield code="a">sn 91055253 </subfield></datafield><datafield ind1=" " ind2=" " tag="040"><subfield code="a">NVF</subfield><subfield code="b">eng</subfield><subfield code="c">NVF</subfield><subfield code="d">CVF</subfield><subfield code="d">NVF</subfield><subfield code="d">OCLCF</subfield><subfield code="d">OCLCO</subfield></datafield><datafield ind1="1" ind2=" " tag="029"><subfield code="a">AU@</subfield><subfield code="b">000020631846</subfield></datafield><datafield ind1=" " ind2=" " tag="042"><subfield code="a">pcc</subfield></datafield><datafield ind1=" " ind2=" " tag="043"><subfield code="a">n-us-il</subfield></datafield><datafield ind1="0" ind2=" " tag="130"><subfield code="a">Morris herald (Morris, Ill.)</subfield></datafield><datafield ind1="1" ind2="4" tag="245"><subfield code="a">The Morris herald.</subfield></datafield><datafield ind1=" " ind2=" " tag="260"><subfield code="a">Morris, Ill. :</subfield><subfield code="b">P.C. Hayes,</subfield><subfield code="c">1874-[189-?].</subfield></datafield><datafield ind1="3" ind2=" " tag="260"><subfield code="3">&lt;May 29, 1885&gt;</subfield><subfield code="a">Morris, Ill. :</subfield><subfield code="b">Hayes &amp; Fletcher</subfield></datafield><datafield ind1=" " ind2=" " tag="300"><subfield code="a">v.</subfield></datafield><datafield ind1=" " ind2=" " tag="310"><subfield code="a">Weekly</subfield></datafield><datafield ind1="0" ind2=" " tag="362"><subfield code="a">Vol. 20, no. 9 (Oct. 3, 1874)-</subfield></datafield><datafield ind1=" " ind2=" " tag="515"><subfield code="a">Continues the numbering of Herald and advertiser (Morris, Ill.).</subfield></datafield><datafield ind1=" " ind2=" " tag="588"><subfield code="a">Latest issue consulted: Oct. 30, 1891.</subfield></datafield><datafield ind1=" " ind2=" " tag="580"><subfield code="a">Daily ed.: Morris daily herald, &lt;1891&gt;.</subfield></datafield><datafield ind1=" " ind2="0" tag="651"><subfield code="a">Morris (Ill.)</subfield><subfield code="v">Newspapers.</subfield></datafield><datafield ind1=" " ind2="7" tag="655"><subfield code="a">Newspapers.</subfield><subfield code="2">fast</subfield><subfield code="0">(OCoLC)fst01423814</subfield></datafield><datafield ind1=" " ind2="7" tag="651"><subfield code="a">Illinois</subfield><subfield code="z">Morris.</subfield><subfield code="2">fast</subfield><subfield code="0">(OCoLC)fst01217885</subfield></datafield><datafield ind1=" " ind2=" " tag="752"><subfield code="a">United States</subfield><subfield code="b">Illinois</subfield><subfield code="c">Grundy</subfield><subfield code="d">Morris.</subfield></datafield><datafield ind1="1" ind2=" " tag="775"><subfield code="t">Morris daily herald</subfield><subfield code="w">(DLC)sn 91055255</subfield><subfield code="w">(OCoLC)23103101</subfield></datafield><datafield ind1="0" ind2="0" tag="780"><subfield code="t">Herald and advertiser (Morris, Ill.)</subfield><subfield code="w">(DLC)sn 85033868</subfield><subfield code="w">(OCoLC)12299992</subfield></datafield><datafield ind1="0" ind2="0" tag="785"><subfield code="t">Morris weekly herald</subfield><subfield code="w">(DLC)sn 91055254</subfield><subfield code="w">(OCoLC)23102999</subfield></datafield></record>